<?xml version="1.0" encoding="UTF-8"?><collection xmlns="http://www.loc.gov/MARC21/slim"><record><leader>00550nam--2200193-i-4500</leader><controlfield tag="001">000047851</controlfield><controlfield tag="002">20161230</controlfield><controlfield tag="005">20161230201046</controlfield><controlfield tag="008">060222s1000------------r-----000-0-eng-d</controlfield><datafield ind1=" " ind2=" " tag="040"><subfield code="a">IFIN-HH</subfield></datafield><datafield ind1=" " ind2=" " tag="080"><subfield code="a">535.8:621.375.826</subfield></datafield><datafield ind1="1" ind2=" " tag="100"><subfield code="a">Young, M</subfield></datafield><datafield ind1="1" ind2="0" tag="245"><subfield code="a">Optics and lasers</subfield><subfield code="b">Including fibers and integrated optics</subfield><subfield code="c">M. young</subfield></datafield><datafield ind1=" " ind2=" " tag="250"><subfield code="a">Second Revised Edition</subfield></datafield><datafield ind1=" " ind2=" " tag="260"><subfield code="a">TOKYO</subfield><subfield code="b">Springer-verlag</subfield><subfield code="c">1984</subfield></datafield><datafield ind1=" " ind2=" " tag="300"><subfield code="a">XII+207P</subfield></datafield><datafield ind1=" " ind2=" " tag="490"><subfield code="a">Springer Series In Optical Sciences</subfield><subfield code="v">Vol. 5</subfield></datafield><datafield ind1=" " ind2=" " tag="852"><subfield code="a">44207</subfield><subfield code="c">535</subfield></datafield><datafield ind1=" " ind2=" " tag="CAT"><subfield code="a">Sys</subfield><subfield code="c">20101111</subfield><subfield code="h">114252</subfield></datafield></record></collection>